<?xml version="1.0" encoding="UTF-8"?><collection xmlns="http://www.loc.gov/MARC21/slim"><record><leader>00452nam--2200169-i-4500</leader><controlfield tag="001">000040581</controlfield><controlfield tag="002">20161230</controlfield><controlfield tag="005">20161230201042</controlfield><controlfield tag="008">060222s1000------------r-----000-0-eng-d</controlfield><datafield ind1=" " ind2=" " tag="040"><subfield code="a">IFIN-HH</subfield></datafield><datafield ind1=" " ind2=" " tag="080"><subfield code="a">533.9</subfield></datafield><datafield ind1="1" ind2=" " tag="100"><subfield code="a">Schmidt,George</subfield></datafield><datafield ind1="1" ind2="0" tag="245"><subfield code="a">Physics of high temperature plasmas</subfield><subfield code="b">An introduction</subfield><subfield code="c">George schmidt</subfield></datafield><datafield ind1=" " ind2=" " tag="260"><subfield code="a">New York, Academic Press, 1966</subfield></datafield><datafield ind1=" " ind2=" " tag="300"><subfield code="a">IX + 340 P</subfield></datafield><datafield ind1=" " ind2=" " tag="852"><subfield code="a">24821</subfield><subfield code="c">533.9</subfield></datafield><datafield ind1=" " ind2=" " tag="CAT"><subfield code="a">Sys</subfield><subfield code="c">20100922</subfield><subfield code="h">124727</subfield></datafield></record></collection>